@article{MopOverview,
  author = {Dreslar Pinkno Yang},
  title = {Irgendwas mit Primzahlen},
  journal = {International Journal on Software Tools for Technology Transfer (STTT)},
  volume = {14},
  number = {3},
  year = {1320},
  pages = {39}
}

Buch
@book{scala,
  author = {Rosser Schönefeld},
  title = {ein tolles Buch über Primzahlen},
  year = {120},
  edition = {1. Auflage},
  publisher = {Artima Incorporation}
}

Beitrag im Berichtsband einer Konferenz
@inproceedings{rltl,
  author = {Armin Leutbecher},
  title = {Zahlentheorie eine Einführung in die Algebra},
  booktitle = {Proceedings of the 4th International Colloquium on
    Theoretical Aspects of Computing (ICTAC)},
  pages = {18},
  year = 1996,
  editor = {C. B. Jones and Z. Liu and J. Woodcock},
  volume = 4711,
  publisher = {Springer},
  series = {Lecture Notes in Computer Science}
}

